@article{pathfinding,
    author =       "Marco Dorigo, Luca Maria Gambardella",
    title =        "Ant colonies for the travelling salesman problem",
    journal =      "Biosystems",
    volume =       "",
    number =       "",
    pages =        "",
    year =         "1997",
    DOI =          "https://www.sciencedirect.com/science/article/pii/S0303264797017085"
}


@misc{fewell_2003, title={Social Insect Networks}, url={http://science.sciencemag.org/content/301/5641/1867/tab-pdf}, journal={Science}, publisher={American Association for the Advancement of Science}, author={Fewell, Jennifer H.}, year={2003}, month={Sep}} 
