
@article{dorigo_1997,
    author =       "Marco Dorigo, Luca Maria Gambardella",
    title =        "Ant colonies for the travelling salesman problem",
    journal =      "Biosystems",
    volume =       "",
    number =       "",
    pages =        "",
    year =         "1997",
    DOI =          "https://www.sciencedirect.com/science/article/pii/S0303264797017085"
}

@article{dorigo_maniezzo_colorni_1996, title={Ant system: optimization by a colony of cooperating agents}, volume={26}, DOI={10.1109/3477.484436}, number={1}, journal={IEEE Transactions on Systems, Man and Cybernetics, Part B (Cybernetics)}, author={Dorigo, M. and Maniezzo, V. and Colorni, A.}, year={1996}, pages={29â€“41}}
