
@article{fewell_2003, title={Social Insect Networks}, url={http://science.sciencemag.org/content/301/5641/1867/tab-pdf}, journal={Science}, publisher={American Association for the Advancement of Science}, author={Fewell, Jennifer H.}, year={2003}, month={Sep}} 


@article{gelblum2015ant,
  title={Ant groups optimally amplify the effect of transiently informed individuals},
  author={Gelblum, Aviram and Pinkoviezky, Itai and Fonio, Ehud and Ghosh, Abhijit and Gov, Nir and Feinerman, Ofer},
  journal={Nature communications},
  volume={6},
  pages={7729},
  year={2015},
  publisher={Nature Publishing Group}
}
