
@article{watts_strogatz_2011, title={Collective dynamics of small-world networks}, DOI={10.1515/9781400841356.301}, journal={The Structure and Dynamics of Networks}, author={Watts, Duncan J. and Strogatz, Steven H.}, year={2011}} 

